
@misc{Brun04findinglatent,
    author = {Yuriy Brun},
    title = {Finding latent code errors via machine learning over program executions},
    booktitle = {In ICSE},
    year = {2004},
    pages = {480--490}
}


@Inbook{Garg2014,
    author= { Garg, Pranav
              and L{\"o}ding, Christof
              and Madhusudan, P.
              and Neider, Daniel,
              and Bloem, Roderick
    },
    title= {"ICE: A Robust Framework for Learning Invariants"},
    bookTitle= {"Computer Aided Verification: 26th International Conference, CAV 2014, Held as Part of the Vienna Summer
        of Logic, VSL 2014, Vienna, Austria, July 18-22, 2014. Proceedings"},
    year= {"2014"},
    publisher= {"Springer International Publishing"},
    address= {"Cham"},
    pages= {"69--87"},
    isbn= {"978-3-319-08867-9"},
    doi= {"10.1007/978-3-319-08867-9_5"},
    url= {"http://dx.doi.org/10.1007/978-3-319-08867-9_5"}
}


@misc{Sharma_interpolantsas,
    author = {Rahul Sharma and Aditya V. Nori and Alex Aiken},
    title = {Interpolants as Classifiers},
    year = {}
}

@inproceedings{Jain,
    author = {Jain, Jawahar and Mukherjee, Rajarshi and Fujita, Masahiro},
    title = {Advanced Verification Techniques Based on Learning},
    booktitle = {Proceedings of the 32Nd Annual ACM/IEEE Design Automation Conference},
    series = {DAC '95},
    year = {1995},
    isbn = {0-89791-725-1},
    location = {San Francisco, California, USA},
    pages = {420--426},
    numpages = {7},
    url = {http://doi.acm.org/10.1145/217474.217564},
    doi = {10.1145/217474.217564},
    acmid = {217564},
    publisher = {ACM},
    address = {New York, NY, USA},
}

@MISC{survey,
    author = {Wolfgang Wögerer and Technische Universität Wien},
    title = {A Survey of Static Program Analysis Techniques},
    year = {2005}
}


@article{dkw2008,
    title = "A Survey of Automated Techniques for Formal Software Verification",
    author = "Vijay D'Silva and Daniel Kroening and Georg Weissenbacher",
    year = "2008",
    journal = "IEEE Transactions on Computer-Aided Design of Integrated Circuits and Systems (TCAD)",
    month = "July",
    number = "7",
    pages = "1165-1178",
    publisher = "IEEE",
    url = "http://dx.doi.org/10.1109/TCAD.2008.923410",
    volume = "27",
    doi = "10.1109/TCAD.2008.923410",
}

@article{KrishnaPW15,
  author    = {Siddharth Krishna and
               Christian Puhrsch and
               Thomas Wies},
  title     = {Learning Invariants using Decision Trees},
  journal   = {CoRR},
  volume    = {abs/1501.04725},
  year      = {2015},
  url       = {http://arxiv.org/abs/1501.04725},
  timestamp = {Mon, 02 Feb 2015 14:12:25 +0100},
  biburl    = {http://dblp.uni-trier.de/rec/bib/journals/corr/KrishnaPW15},
  bibsource = {dblp computer science bibliography, http://dblp.org}
}

@misc{milena,
    author = {Milena Vujosevic Janicic},
    title  = {Regresiona verifikacija softvera korišćenjem sistema LAV}
}

@book{tom-ml,
  author    = {Tom M. Mitchell},
  title     = {Machine Learning},
  publisher = {McGraw Hill},
  year      = 1997,
  volume    = 1,
  isbn      = {0071154671}
}
